%YAML 1.1
%TAG !u! tag:unity3d.com,2011:
--- !u!61 &1089395151651069226
BoxCollider2D:
  m_ObjectHideFlags: 0
  m_CorrespondingSourceObject: {fileID: 0}
  m_PrefabInstance: {fileID: 0}
  m_PrefabAsset: {fileID: 0}
  m_GameObject: {fileID: 4780881397842928590}
  m_Enabled: 1
  m_Density: 1
  m_Material: {fileID: 0}
  m_IsTrigger: 1
  m_UsedByEffector: 0
  m_UsedByComposite: 0
  m_Offset: {x: 0.047005415, y: 0.09923207}
  m_SpriteTilingProperty:
    border: {x: 0, y: 0, z: 0, w: 0}
    pivot: {x: 0, y: 0}
    oldSize: {x: 0, y: 0}
    newSize: {x: 0, y: 0}
    adaptiveTilingThreshold: 0
    drawMode: 0
    adaptiveTiling: 0
  m_AutoTiling: 0
  serializedVersion: 2
  m_Size: {x: 0.9147639, y: 0.47612107}
  m_EdgeRadius: 0
--- !u!61 &4491965224067506613
BoxCollider2D:
  m_ObjectHideFlags: 0
  m_CorrespondingSourceObject: {fileID: 0}
  m_PrefabInstance: {fileID: 0}
  m_PrefabAsset: {fileID: 0}
  m_GameObject: {fileID: 4780881397842928590}
  m_Enabled: 1
  m_Density: 1
  m_Material: {fileID: 0}
  m_IsTrigger: 1
  m_UsedByEffector: 0
  m_UsedByComposite: 0
  m_Offset: {x: 0.85691714, y: 0.108046114}
  m_SpriteTilingProperty:
    border: {x: 0, y: 0, z: 0, w: 0}
    pivot: {x: 0, y: 0}
    oldSize: {x: 0, y: 0}
    newSize: {x: 0, y: 0}
    adaptiveTilingThreshold: 0
    drawMode: 0
    adaptiveTiling: 0
  m_AutoTiling: 0
  serializedVersion: 2
  m_Size: {x: 0.696116, y: 0.17345005}
  m_EdgeRadius: 0
--- !u!1 &8213689348898707547
GameObject:
  m_ObjectHideFlags: 0
  m_CorrespondingSourceObject: {fileID: 0}
  m_PrefabInstance: {fileID: 0}
  m_PrefabAsset: {fileID: 0}
  serializedVersion: 6
  m_Component:
  - component: {fileID: 8213689348898707544}
  - component: {fileID: 1707923194783307227}
  - component: {fileID: 5698028282773338120}
  m_Layer: 0
  m_Name: CactusTreePivot
  m_TagString: Score
  m_Icon: {fileID: 0}
  m_NavMeshLayer: 0
  m_StaticEditorFlags: 0
  m_IsActive: 1
--- !u!4 &8213689348898707544
Transform:
  m_ObjectHideFlags: 0
  m_CorrespondingSourceObject: {fileID: 0}
  m_PrefabInstance: {fileID: 0}
  m_PrefabAsset: {fileID: 0}
  m_GameObject: {fileID: 8213689348898707547}
  m_LocalRotation: {x: 0, y: 0, z: 0, w: 1}
  m_LocalPosition: {x: 6.3690896, y: -1.2245657, z: 0}
  m_LocalScale: {x: 1, y: 7, z: 1}
  m_Children:
  - {fileID: 6951180668588689810}
  m_Father: {fileID: 0}
  m_RootOrder: 0
  m_LocalEulerAnglesHint: {x: 0, y: 0, z: 0}
--- !u!114 &1707923194783307227
MonoBehaviour:
  m_ObjectHideFlags: 0
  m_CorrespondingSourceObject: {fileID: 0}
  m_PrefabInstance: {fileID: 0}
  m_PrefabAsset: {fileID: 0}
  m_GameObject: {fileID: 8213689348898707547}
  m_Enabled: 1
  m_EditorHideFlags: 0
  m_Script: {fileID: 11500000, guid: 77fbfcbeef04c87418366aa7ad63c13f, type: 3}
  m_Name: 
  m_EditorClassIdentifier: 
  speed: -2
  leftBound: -16
--- !u!61 &5698028282773338120
BoxCollider2D:
  m_ObjectHideFlags: 0
  m_CorrespondingSourceObject: {fileID: 0}
  m_PrefabInstance: {fileID: 0}
  m_PrefabAsset: {fileID: 0}
  m_GameObject: {fileID: 8213689348898707547}
  m_Enabled: 1
  m_Density: 1
  m_Material: {fileID: 0}
  m_IsTrigger: 1
  m_UsedByEffector: 0
  m_UsedByComposite: 0
  m_Offset: {x: 0.028192207, y: 1.4401939}
  m_SpriteTilingProperty:
    border: {x: 0, y: 0, z: 0, w: 0}
    pivot: {x: 0, y: 0}
    oldSize: {x: 0, y: 0}
    newSize: {x: 0, y: 0}
    adaptiveTilingThreshold: 0
    drawMode: 0
    adaptiveTiling: 0
  m_AutoTiling: 0
  serializedVersion: 2
  m_Size: {x: 0.37977198, y: 2.894487}
  m_EdgeRadius: 0
--- !u!1001 &8213689348895497476
PrefabInstance:
  m_ObjectHideFlags: 0
  serializedVersion: 2
  m_Modification:
    m_TransformParent: {fileID: 8213689348898707544}
    m_Modifications:
    - target: {fileID: 925243772622680254, guid: cd319e47121c3494681318a30a9478a6,
        type: 3}
      propertyPath: m_Offset.x
      value: -0.8013184
      objectReference: {fileID: 0}
    - target: {fileID: 925243772622680254, guid: cd319e47121c3494681318a30a9478a6,
        type: 3}
      propertyPath: m_Size.x
      value: 0.7661662
      objectReference: {fileID: 0}
    - target: {fileID: 925243772622680254, guid: cd319e47121c3494681318a30a9478a6,
        type: 3}
      propertyPath: m_Offset.y
      value: 0.18131492
      objectReference: {fileID: 0}
    - target: {fileID: 925243772622680254, guid: cd319e47121c3494681318a30a9478a6,
        type: 3}
      propertyPath: m_Size.y
      value: 0.18237685
      objectReference: {fileID: 0}
    - target: {fileID: 1264226221371806870, guid: cd319e47121c3494681318a30a9478a6,
        type: 3}
      propertyPath: m_LocalPosition.x
      value: 0
      objectReference: {fileID: 0}
    - target: {fileID: 1264226221371806870, guid: cd319e47121c3494681318a30a9478a6,
        type: 3}
      propertyPath: m_LocalPosition.y
      value: 0.15
      objectReference: {fileID: 0}
    - target: {fileID: 1264226221371806870, guid: cd319e47121c3494681318a30a9478a6,
        type: 3}
      propertyPath: m_LocalPosition.z
      value: 0
      objectReference: {fileID: 0}
    - target: {fileID: 1264226221371806870, guid: cd319e47121c3494681318a30a9478a6,
        type: 3}
      propertyPath: m_LocalRotation.x
      value: -0
      objectReference: {fileID: 0}
    - target: {fileID: 1264226221371806870, guid: cd319e47121c3494681318a30a9478a6,
        type: 3}
      propertyPath: m_LocalRotation.y
      value: -0
      objectReference: {fileID: 0}
    - target: {fileID: 1264226221371806870, guid: cd319e47121c3494681318a30a9478a6,
        type: 3}
      propertyPath: m_LocalRotation.z
      value: -0
      objectReference: {fileID: 0}
    - target: {fileID: 1264226221371806870, guid: cd319e47121c3494681318a30a9478a6,
        type: 3}
      propertyPath: m_LocalRotation.w
      value: 1
      objectReference: {fileID: 0}
    - target: {fileID: 1264226221371806870, guid: cd319e47121c3494681318a30a9478a6,
        type: 3}
      propertyPath: m_RootOrder
      value: 0
      objectReference: {fileID: 0}
    - target: {fileID: 1264226221371806870, guid: cd319e47121c3494681318a30a9478a6,
        type: 3}
      propertyPath: m_LocalEulerAnglesHint.x
      value: 0
      objectReference: {fileID: 0}
    - target: {fileID: 1264226221371806870, guid: cd319e47121c3494681318a30a9478a6,
        type: 3}
      propertyPath: m_LocalEulerAnglesHint.y
      value: 0
      objectReference: {fileID: 0}
    - target: {fileID: 1264226221371806870, guid: cd319e47121c3494681318a30a9478a6,
        type: 3}
      propertyPath: m_LocalEulerAnglesHint.z
      value: 0
      objectReference: {fileID: 0}
    - target: {fileID: 2239252267068076084, guid: cd319e47121c3494681318a30a9478a6,
        type: 3}
      propertyPath: m_Sprite
      value: 
      objectReference: {fileID: 0}
    - target: {fileID: 2239252267068076084, guid: cd319e47121c3494681318a30a9478a6,
        type: 3}
      propertyPath: m_WasSpriteAssigned
      value: 0
      objectReference: {fileID: 0}
    - target: {fileID: 2695750587929334783, guid: cd319e47121c3494681318a30a9478a6,
        type: 3}
      propertyPath: m_LocalPosition.y
      value: 0.1
      objectReference: {fileID: 0}
    - target: {fileID: 2977836314238151373, guid: cd319e47121c3494681318a30a9478a6,
        type: 3}
      propertyPath: m_Sprite
      value: 
      objectReference: {fileID: 21300000, guid: 48a25f69344e13b449fece6b2be095c9,
        type: 3}
    - target: {fileID: 3721654157587791562, guid: cd319e47121c3494681318a30a9478a6,
        type: 3}
      propertyPath: m_Name
      value: TreeObstacle
      objectReference: {fileID: 0}
    - target: {fileID: 8709055188107706418, guid: cd319e47121c3494681318a30a9478a6,
        type: 3}
      propertyPath: m_Offset.y
      value: -0.11001648
      objectReference: {fileID: 0}
    - target: {fileID: 8709055188107706418, guid: cd319e47121c3494681318a30a9478a6,
        type: 3}
      propertyPath: m_Size.y
      value: 0.65496707
      objectReference: {fileID: 0}
    m_RemovedComponents:
    - {fileID: 8709055188107706418, guid: cd319e47121c3494681318a30a9478a6, type: 3}
  m_SourcePrefab: {fileID: 100100000, guid: cd319e47121c3494681318a30a9478a6, type: 3}
--- !u!1 &4780881397842928590 stripped
GameObject:
  m_CorrespondingSourceObject: {fileID: 3721654157587791562, guid: cd319e47121c3494681318a30a9478a6,
    type: 3}
  m_PrefabInstance: {fileID: 8213689348895497476}
  m_PrefabAsset: {fileID: 0}
--- !u!4 &6951180668588689810 stripped
Transform:
  m_CorrespondingSourceObject: {fileID: 1264226221371806870, guid: cd319e47121c3494681318a30a9478a6,
    type: 3}
  m_PrefabInstance: {fileID: 8213689348895497476}
  m_PrefabAsset: {fileID: 0}
