%YAML 1.1
%TAG !u! tag:unity3d.com,2011:
--- !u!1 &3721654157587791562
GameObject:
  m_ObjectHideFlags: 0
  m_CorrespondingSourceObject: {fileID: 0}
  m_PrefabInstance: {fileID: 0}
  m_PrefabAsset: {fileID: 0}
  serializedVersion: 6
  m_Component:
  - component: {fileID: 1264226221371806870}
  - component: {fileID: 2239252267068076084}
  - component: {fileID: 925243772622680254}
  m_Layer: 0
  m_Name: TreeObstacle
  m_TagString: Obstacle
  m_Icon: {fileID: 0}
  m_NavMeshLayer: 0
  m_StaticEditorFlags: 0
  m_IsActive: 1
--- !u!4 &1264226221371806870
Transform:
  m_ObjectHideFlags: 0
  m_CorrespondingSourceObject: {fileID: 0}
  m_PrefabInstance: {fileID: 0}
  m_PrefabAsset: {fileID: 0}
  m_GameObject: {fileID: 3721654157587791562}
  m_LocalRotation: {x: 0, y: 0, z: 0, w: 1}
  m_LocalPosition: {x: -4.4444437, y: -5.9098, z: 0}
  m_LocalScale: {x: 1, y: 1, z: 1}
  m_Children:
  - {fileID: 2695750587929334783}
  m_Father: {fileID: 0}
  m_RootOrder: 0
  m_LocalEulerAnglesHint: {x: 0, y: 0, z: 0}
--- !u!212 &2239252267068076084
SpriteRenderer:
  m_ObjectHideFlags: 0
  m_CorrespondingSourceObject: {fileID: 0}
  m_PrefabInstance: {fileID: 0}
  m_PrefabAsset: {fileID: 0}
  m_GameObject: {fileID: 3721654157587791562}
  m_Enabled: 1
  m_CastShadows: 0
  m_ReceiveShadows: 0
  m_DynamicOccludee: 1
  m_MotionVectors: 1
  m_LightProbeUsage: 1
  m_ReflectionProbeUsage: 1
  m_RayTracingMode: 0
  m_RenderingLayerMask: 1
  m_RendererPriority: 0
  m_Materials:
  - {fileID: 10754, guid: 0000000000000000f000000000000000, type: 0}
  m_StaticBatchInfo:
    firstSubMesh: 0
    subMeshCount: 0
  m_StaticBatchRoot: {fileID: 0}
  m_ProbeAnchor: {fileID: 0}
  m_LightProbeVolumeOverride: {fileID: 0}
  m_ScaleInLightmap: 1
  m_ReceiveGI: 1
  m_PreserveUVs: 0
  m_IgnoreNormalsForChartDetection: 0
  m_ImportantGI: 0
  m_StitchLightmapSeams: 1
  m_SelectedEditorRenderState: 0
  m_MinimumChartSize: 4
  m_AutoUVMaxDistance: 0.5
  m_AutoUVMaxAngle: 89
  m_LightmapParameters: {fileID: 0}
  m_SortingLayerID: 0
  m_SortingLayer: 0
  m_SortingOrder: 1
  m_Sprite: {fileID: 2060299643762239112, guid: 2e360e0b124373243aa2647a5c5b5d78,
    type: 3}
  m_Color: {r: 1, g: 1, b: 1, a: 1}
  m_FlipX: 0
  m_FlipY: 0
  m_DrawMode: 0
  m_Size: {x: 0.625, y: 0.3125}
  m_AdaptiveModeThreshold: 0.5
  m_SpriteTileMode: 0
  m_WasSpriteAssigned: 1
  m_MaskInteraction: 0
  m_SpriteSortPoint: 0
--- !u!61 &925243772622680254
BoxCollider2D:
  m_ObjectHideFlags: 0
  m_CorrespondingSourceObject: {fileID: 0}
  m_PrefabInstance: {fileID: 0}
  m_PrefabAsset: {fileID: 0}
  m_GameObject: {fileID: 3721654157587791562}
  m_Enabled: 1
  m_Density: 1
  m_Material: {fileID: 0}
  m_IsTrigger: 1
  m_UsedByEffector: 0
  m_UsedByComposite: 0
  m_Offset: {x: 0, y: 0}
  m_SpriteTilingProperty:
    border: {x: 0, y: 0, z: 0, w: 0}
    pivot: {x: 0.5, y: 0.5}
    oldSize: {x: 0.625, y: 0.3125}
    newSize: {x: 0.625, y: 0.3125}
    adaptiveTilingThreshold: 0.5
    drawMode: 0
    adaptiveTiling: 0
  m_AutoTiling: 0
  serializedVersion: 2
  m_Size: {x: 0.625, y: 0.3125}
  m_EdgeRadius: 0
--- !u!61 &8709055188107706418
BoxCollider2D:
  m_ObjectHideFlags: 0
  m_CorrespondingSourceObject: {fileID: 0}
  m_PrefabInstance: {fileID: 0}
  m_PrefabAsset: {fileID: 0}
  m_GameObject: {fileID: 4898034026298857619}
  m_Enabled: 1
  m_Density: 1
  m_Material: {fileID: 0}
  m_IsTrigger: 1
  m_UsedByEffector: 0
  m_UsedByComposite: 0
  m_Offset: {x: 0, y: 0}
  m_SpriteTilingProperty:
    border: {x: 0, y: 0, z: 0, w: 0}
    pivot: {x: 0.5, y: 0.5}
    oldSize: {x: 3, y: 0.875}
    newSize: {x: 3, y: 0.875}
    adaptiveTilingThreshold: 0.5
    drawMode: 0
    adaptiveTiling: 0
  m_AutoTiling: 0
  serializedVersion: 2
  m_Size: {x: 3, y: 0.875}
  m_EdgeRadius: 0
--- !u!1001 &1042067993186396771
PrefabInstance:
  m_ObjectHideFlags: 0
  serializedVersion: 2
  m_Modification:
    m_TransformParent: {fileID: 1264226221371806870}
    m_Modifications:
    - target: {fileID: 3107221720104827292, guid: b5c84cc6610eff447ae25c8d4398c7f0,
        type: 3}
      propertyPath: m_LocalPosition.x
      value: 0
      objectReference: {fileID: 0}
    - target: {fileID: 3107221720104827292, guid: b5c84cc6610eff447ae25c8d4398c7f0,
        type: 3}
      propertyPath: m_LocalPosition.y
      value: 0.2252
      objectReference: {fileID: 0}
    - target: {fileID: 3107221720104827292, guid: b5c84cc6610eff447ae25c8d4398c7f0,
        type: 3}
      propertyPath: m_LocalPosition.z
      value: 0
      objectReference: {fileID: 0}
    - target: {fileID: 3107221720104827292, guid: b5c84cc6610eff447ae25c8d4398c7f0,
        type: 3}
      propertyPath: m_LocalRotation.x
      value: -0
      objectReference: {fileID: 0}
    - target: {fileID: 3107221720104827292, guid: b5c84cc6610eff447ae25c8d4398c7f0,
        type: 3}
      propertyPath: m_LocalRotation.y
      value: -0
      objectReference: {fileID: 0}
    - target: {fileID: 3107221720104827292, guid: b5c84cc6610eff447ae25c8d4398c7f0,
        type: 3}
      propertyPath: m_LocalRotation.z
      value: -0
      objectReference: {fileID: 0}
    - target: {fileID: 3107221720104827292, guid: b5c84cc6610eff447ae25c8d4398c7f0,
        type: 3}
      propertyPath: m_LocalRotation.w
      value: 1
      objectReference: {fileID: 0}
    - target: {fileID: 3107221720104827292, guid: b5c84cc6610eff447ae25c8d4398c7f0,
        type: 3}
      propertyPath: m_RootOrder
      value: 0
      objectReference: {fileID: 0}
    - target: {fileID: 3107221720104827292, guid: b5c84cc6610eff447ae25c8d4398c7f0,
        type: 3}
      propertyPath: m_LocalEulerAnglesHint.x
      value: 0
      objectReference: {fileID: 0}
    - target: {fileID: 3107221720104827292, guid: b5c84cc6610eff447ae25c8d4398c7f0,
        type: 3}
      propertyPath: m_LocalEulerAnglesHint.y
      value: 0
      objectReference: {fileID: 0}
    - target: {fileID: 3107221720104827292, guid: b5c84cc6610eff447ae25c8d4398c7f0,
        type: 3}
      propertyPath: m_LocalEulerAnglesHint.z
      value: 0
      objectReference: {fileID: 0}
    - target: {fileID: 3107221720104827292, guid: b5c84cc6610eff447ae25c8d4398c7f0,
        type: 3}
      propertyPath: m_LocalScale.y
      value: 0.16666667
      objectReference: {fileID: 0}
    - target: {fileID: 5588796367234151152, guid: b5c84cc6610eff447ae25c8d4398c7f0,
        type: 3}
      propertyPath: m_Name
      value: Tree1
      objectReference: {fileID: 0}
    - target: {fileID: 5588796367234151152, guid: b5c84cc6610eff447ae25c8d4398c7f0,
        type: 3}
      propertyPath: m_TagString
      value: Obstacle
      objectReference: {fileID: 0}
    m_RemovedComponents: []
  m_SourcePrefab: {fileID: 100100000, guid: b5c84cc6610eff447ae25c8d4398c7f0, type: 3}
--- !u!1 &4898034026298857619 stripped
GameObject:
  m_CorrespondingSourceObject: {fileID: 5588796367234151152, guid: b5c84cc6610eff447ae25c8d4398c7f0,
    type: 3}
  m_PrefabInstance: {fileID: 1042067993186396771}
  m_PrefabAsset: {fileID: 0}
--- !u!4 &2695750587929334783 stripped
Transform:
  m_CorrespondingSourceObject: {fileID: 3107221720104827292, guid: b5c84cc6610eff447ae25c8d4398c7f0,
    type: 3}
  m_PrefabInstance: {fileID: 1042067993186396771}
  m_PrefabAsset: {fileID: 0}
